
@book{mano_digital_2002,
	address = {Upper Saddle River, NJ},
	edition = {3rd ed},
	title = {Digital design},
	isbn = {978-0-13-062121-4},
	language = {es},
	publisher = {Prentice-Hall},
	author = {Mano, M. Morris},
	year = {2002},
	keywords = {Circuits, Digital integrated circuits, Electronic digital computers, Logic circuits, Logic design},
	file = {PDF:C\:\\Users\\David\\Zotero\\storage\\785U5HNZ\\Mano - 2002 - Digital design.pdf:application/pdf},
}

@book{floyd_fundamentos_nodate,
	edition = {9},
	title = {Fundamentos de {Sistemas} {Digitales}},
	author = {Floyd, Thomas L},
	file = {PDF:C\:\\Users\\David\\Zotero\\storage\\WJWBZTWA\\Floyd - Fundamentos de Sistemas Digitales.pdf:application/pdf},
}
